@preamble{
   "\def\cprime{$'$} "
}

@book{EH,
	Author = {Eisenbud, David and Harris, Joe},
	note = {Available at http://isites.harvard.edu/fs/docs/icb.topic720403.files/book.pdf},
	Title = {3264 and all that},
	}


@book {OT,
    AUTHOR = {Orlik, Peter and Terao, Hiroaki},
     TITLE = {Arrangements of hyperplanes},
    SERIES = {Grundlehren der Mathematischen Wissenschaften [Fundamental
              Principles of Mathematical Sciences]},
    VOLUME = {300},
 PUBLISHER = {Springer-Verlag},
   ADDRESS = {Berlin},
      YEAR = {1992},
     PAGES = {xviii+325},
      ISBN = {3-540-55259-6},
   MRCLASS = {52B30 (14F35 20F36 20F55 32S25 57N65)},
  MRNUMBER = {1217488 (94e:52014)},
MRREVIEWER = {Michel Yves Jambu},
}

@article {KM-94,
    AUTHOR = {Kontsevich, Maxim and Manin, Yuri},
     TITLE = {Gromov-{W}itten classes, quantum cohomology, and enumerative
              geometry},
   JOURNAL = {Comm. Math. Phys.},
  FJOURNAL = {Communications in Mathematical Physics},
    VOLUME = {164},
      YEAR = {1994},
    NUMBER = {3},
     PAGES = {525--562},
      ISSN = {0010-3616},
     CODEN = {CMPHAY},
   MRCLASS = {14N10 (53C15 58D10 58F05)},
  MRNUMBER = {1291244 (95i:14049)},
MRREVIEWER = {Dietmar A. Salamon},
       URL = {http://projecteuclid.org/getRecord?id=euclid.cmp/1104270948},
}

@book {Katz,
    AUTHOR = {Katz, Sheldon},
     TITLE = {Enumerative geometry and string theory},
    SERIES = {Student Mathematical Library},
    VOLUME = {32},
      NOTE = {IAS/Park City Mathematical Subseries},
 PUBLISHER = {American Mathematical Society},
   ADDRESS = {Providence, RI},
      YEAR = {2006},
     PAGES = {xiv+206},
      ISBN = {0-8218-3687-0},
   MRCLASS = {14N10 (14N35 81T30)},
  MRNUMBER = {2218550 (2007i:14054)},
MRREVIEWER = {Ralph Martin Kaufmann},
}

@article {Fink-Speyer-12,
    AUTHOR = {Fink, Alex and Speyer, David E.},
     TITLE = {{$K$}-classes for matroids and equivariant localization},
   JOURNAL = {Duke Math. J.},
  FJOURNAL = {Duke Mathematical Journal},
    VOLUME = {161},
      YEAR = {2012},
    NUMBER = {14},
     PAGES = {2699--2723},
      ISSN = {0012-7094},
     CODEN = {DUMJAO},
   MRCLASS = {52B40 (05B35 14C35 14M15)},
  MRNUMBER = {2993138},
MRREVIEWER = {Harry Tamvakis},
       DOI = {10.1215/00127094-1813296},
       URL = {http://dx.doi.org/10.1215/00127094-1813296},
}

@article {Speyer-09,
    AUTHOR = {Speyer, David E.},
     TITLE = {A matroid invariant via the {$K$}-theory of the
              {G}rassmannian},
   JOURNAL = {Adv. Math.},
  FJOURNAL = {Advances in Mathematics},
    VOLUME = {221},
      YEAR = {2009},
    NUMBER = {3},
     PAGES = {882--913},
      ISSN = {0001-8708},
     CODEN = {ADMTA4},
   MRCLASS = {14T05 (14C35 14M15 52B40)},
  MRNUMBER = {2511042 (2010i:14114)},
MRREVIEWER = {Ivan V. Arzhantsev},
       DOI = {10.1016/j.aim.2009.01.010},
       URL = {http://dx.doi.org/10.1016/j.aim.2009.01.010},
}

@article {Yuz-93,
    AUTHOR = {Yuzvinsky, Sergey},
     TITLE = {Free and locally free arrangements with a given intersection
              lattice},
   JOURNAL = {Proc. Amer. Math. Soc.},
  FJOURNAL = {Proceedings of the American Mathematical Society},
    VOLUME = {118},
      YEAR = {1993},
    NUMBER = {3},
     PAGES = {745--752},
      ISSN = {0002-9939},
     CODEN = {PAMYAR},
   MRCLASS = {52B30 (05B35 06A09 32S20)},
  MRNUMBER = {1160307 (93i:52022)},
MRREVIEWER = {Hiroaki Terao},
       DOI = {10.2307/2160116},
       URL = {http://dx.doi.org/10.2307/2160116},
}

@article {Terao-02,
    AUTHOR = {Terao, Hiroaki},
     TITLE = {Moduli space of combinatorially equivalent arrangements of
              hyperplanes and logarithmic {G}auss-{M}anin connections},
      NOTE = {Arrangements in Boston: a Conference on Hyperplane
              Arrangements (1999)},
   JOURNAL = {Topology Appl.},
  FJOURNAL = {Topology and its Applications},
    VOLUME = {118},
      YEAR = {2002},
    NUMBER = {1-2},
     PAGES = {255--274},
      ISSN = {0166-8641},
     CODEN = {TIAPD9},
   MRCLASS = {32S22 (33C70 52C35)},
  MRNUMBER = {1877728 (2003e:32049)},
MRREVIEWER = {Alexander I. Suciu},
       DOI = {10.1016/S0166-8641(01)00054-2},
       URL = {http://dx.doi.org/10.1016/S0166-8641(01)00054-2},
}

@article {HKT-06,
    AUTHOR = {Hacking, Paul and Keel, Sean and Tevelev, Jenia},
     TITLE = {Compactification of the moduli space of hyperplane
              arrangements},
   JOURNAL = {J. Algebraic Geom.},
  FJOURNAL = {Journal of Algebraic Geometry},
    VOLUME = {15},
      YEAR = {2006},
    NUMBER = {4},
     PAGES = {657--680},
      ISSN = {1056-3911},
   MRCLASS = {14D20 (14D06)},
  MRNUMBER = {2237265 (2007j:14016)},
MRREVIEWER = {Michael A. van Opstall},
       DOI = {10.1090/S1056-3911-06-00445-0},
       URL = {http://dx.doi.org/10.1090/S1056-3911-06-00445-0},
}

@incollection {Kapranov-93,
    AUTHOR = {Kapranov, Mikhail M.},
     TITLE = {Chow quotients of {G}rassmannians. {I}},
 BOOKTITLE = {I. {M}. {G}el\cprime fand {S}eminar},
    SERIES = {Adv. Soviet Math.},
    VOLUME = {16},
     PAGES = {29--110},
 PUBLISHER = {Amer. Math. Soc.},
   ADDRESS = {Providence, RI},
      YEAR = {1993},
   MRCLASS = {14L30 (14M15 52B20 52B40)},
  MRNUMBER = {1237834 (95g:14053)},
MRREVIEWER = {Michel Brion},
}

@article {Kleiman,
    AUTHOR = {Kleiman, Steven L.},
     TITLE = {The transversality of a general translate},
   JOURNAL = {Compositio Math.},
  FJOURNAL = {Compositio Mathematica},
    VOLUME = {28},
      YEAR = {1974},
     PAGES = {287--297},
      ISSN = {0010-437X},
   MRCLASS = {14M15 (14N10)},
  MRNUMBER = {0360616 (50 \#13063)},
MRREVIEWER = {Joel Roberts},
}

@article {Rimanyi,
    AUTHOR = {Feh{\'e}r, L{\'a}szl{\'o} M. and N{\'e}methi, Andr{\'a}s and
              Rim{\'a}nyi, Rich{\'a}rd},
     TITLE = {Equivariant classes of matrix matroid varieties},
   JOURNAL = {Comment. Math. Helv.},
  FJOURNAL = {Commentarii Mathematici Helvetici. A Journal of the Swiss
              Mathematical Society},
    VOLUME = {87},
      YEAR = {2012},
    NUMBER = {4},
     PAGES = {861--889},
      ISSN = {0010-2571},
   MRCLASS = {55N91 (14N10 52B40)},
  MRNUMBER = {2984574},
       DOI = {10.4171/CMH/271},
       URL = {http://dx.doi.org/10.4171/CMH/271},
}


@article {GattoASC,
    AUTHOR = {Gatto, Letterio},
     TITLE = {Schubert calculus via {H}asse-{S}chmidt derivations},
   JOURNAL = {Asian J. Math.},
  FJOURNAL = {The Asian Journal of Mathematics},
    VOLUME = {9},
      YEAR = {2005},
    NUMBER = {3},
     PAGES = {315--321},
      ISSN = {1093-6106},
   MRCLASS = {14N15 (14N35)},
  MRNUMBER = {2214955 (2006m:14075)},
MRREVIEWER = {Gian Mario Besana},
}

@book {GattoIMPA,
    AUTHOR = {Gatto, Letterio},
     TITLE = {Schubert calculus: an algebraic introduction},
    SERIES = {Publica\c c\~oes Matem\'aticas do IMPA. [IMPA Mathematical
              Publications]},
      NOTE = {25${^{{}}{\rm{o}}}$ Col{\'o}quio Brasileiro de
              Matem{\'a}tica. [25th Brazilian Mathematics Colloquium]},
 PUBLISHER = {Instituto Nacional de Matem\'atica Pura e Aplicada (IMPA), Rio
              de Janeiro},
      YEAR = {2005},
     PAGES = {xii+121},
      ISBN = {85-244-0227-X},
   MRCLASS = {14M15 (14C17)},
  MRNUMBER = {2168587 (2006e:14065)},
MRREVIEWER = {Philip A. Foth},
}

@Unpublished{Hatcher,
  author = 	 {Hatcher, Allen},
  title = 	 {Vector Bundles and K-theory},
  note = 	 {Available online at {\tt http://www.math.cornell.edu/~hatcher/VBKT/VBpage.html} },
  OPTkey = 	 {},
  OPTmonth = 	 {},
  OPTyear = 	 {last accessed 2012},
  OPTannote = 	 {}
}


@Unpublished{Ren,
  author = 	 {Ren, Qingchun},
  title = 	 {A formula for the {C}ayley-{B}acharach theorem},
  note = 	 {Preprint},
  OPTkey = 	 {},
  OPTmonth = 	 {},
  OPTyear = 	 {},
  OPTannote = 	 {}
}


@incollection {Carlini,
    AUTHOR = {Carlini, Enrico},
     TITLE = {Codimension one decompositions and {C}how varieties},
 BOOKTITLE = {Projective varieties with unexpected properties},
     PAGES = {67--79},
 PUBLISHER = {Walter de Gruyter GmbH \& Co. KG, Berlin},
      YEAR = {2005},
   MRCLASS = {14N05 (14C25)},
  MRNUMBER = {2202247 (2007f:14056)},
}


@Unpublished{Paul,
  author = 	 {Paul, Thomas},
  title = 	 {The Enumerative Geometry of Hyperplane Arrangements},
  note = 	 {Trident Project, U.S. Naval Academy},
  OPTkey = 	 {},
  OPTmonth = 	 {},
  OPTyear = 	 {2012},
  OPTannote = 	 {}
}

@article {sottile,
    AUTHOR = {Sottile, Frank},
     TITLE = {Elementary transversality in the {S}chubert calculus in any
              characteristic},
   JOURNAL = {Michigan Math. J.},
  FJOURNAL = {The Michigan Mathematical Journal},
    VOLUME = {51},
      YEAR = {2003},
    NUMBER = {3},
     PAGES = {651--666},
      ISSN = {0026-2285},
   MRCLASS = {14N15 (14M15)},
  MRNUMBER = {2021013 (2004i:14065)},
MRREVIEWER = {Rupert Wei Tze Yu},
       DOI = {10.1307/mmj/1070919565},
       URL = {http://dx.doi.org/10.1307/mmj/1070919565},
}


@article {Schubert,
    AUTHOR = {Schubert, Hermann},
     TITLE = {Die {$n$}-dimensionalen {V}erallgemeinerungen der
              fundamentalen {A}nzahlen unseres {R}aums},
   JOURNAL = {Math. Ann.},
  FJOURNAL = {Mathematische Annalen},
    VOLUME = {26},
      YEAR = {1886},
    NUMBER = {1},
     PAGES = {26--51},
      ISSN = {0025-5831},
     CODEN = {MAANA},
   MRCLASS = {Contributed Item},
  MRNUMBER = {1510326},
       DOI = {10.1007/BF01443568},
       URL = {http://dx.doi.org/10.1007/BF01443568},
}

@Article{Zeuthen,
  author = 	 {Zeuthen, H.G.},
  title = 	 {Almindelige Egenskaber ved Systemer af plane Kurver},
  journal = 	 {Kongelige Danske Vidensk-
abernes Selskabs Skrifter â€” Naturvidenskabelig og Mathematisk},
  year = 	 {1873},
  OPTkey = 	 {},
  OPTvolume = 	 {10},
  OPTnumber = 	 {},
  OPTpages = 	 {285--393},
  OPTmonth = 	 {},
  OPTnote = 	 {Danish with French summary},
  OPTannote = 	 {}
}


@Book{Zeuthenbook,
  AUTHOR = 	 {Zeuthen, H.G.},
  TITLE = 	 {Lehrbuch der abz\"ahlenden Methoden der Geometrie},
  PUBLISHER = 	 {Teubner, Leipzig},
  year = 	 {1914},
  OPTkey = 	 {},
  OPTvolume = 	 {},
  OPTnumber = 	 {},
  OPTseries = 	 {},
  OPTaddress = 	 {},
  OPTedition = 	 {},
  OPTmonth = 	 {},
  OPTnote = 	 {},
  OPTannote = 	 {}
}

@article {Vakil,
    AUTHOR = {Vakil, Ravi},
     TITLE = {The characteristic numbers of quartic plane curves},
   JOURNAL = {Canad. J. Math.},
  FJOURNAL = {Canadian Journal of Mathematics. Journal Canadien de
              Math\'ematiques},
    VOLUME = {51},
      YEAR = {1999},
    NUMBER = {5},
     PAGES = {1089--1120},
      ISSN = {0008-414X},
     CODEN = {CJMAAB},
   MRCLASS = {14N10 (14D22 14N15)},
  MRNUMBER = {1718648 (2000i:14078)},
MRREVIEWER = {Anders H. Berg},
       DOI = {10.4153/CJM-1999-048-1},
       URL = {http://dx.doi.org/10.4153/CJM-1999-048-1},
}

@article {Aluffi,
    AUTHOR = {Aluffi, Paolo},
     TITLE = {The enumerative geometry of plane cubics. {I}. {S}mooth
              cubics},
   JOURNAL = {Trans. Amer. Math. Soc.},
  FJOURNAL = {Transactions of the American Mathematical Society},
    VOLUME = {317},
      YEAR = {1990},
    NUMBER = {2},
     PAGES = {501--539},
      ISSN = {0002-9947},
     CODEN = {TAMTAM},
   MRCLASS = {14N10 (14C17)},
  MRNUMBER = {972700 (90k:14058)},
MRREVIEWER = {Susan J. Colley},
       DOI = {10.2307/2001475},
       URL = {http://dx.doi.org/10.2307/2001475},
}

@incollection {KSp,
    AUTHOR = {Kleiman, Steven L. and Speiser, Robert},
     TITLE = {Enumerative geometry of nonsingular plane cubics},
 BOOKTITLE = {Algebraic geometry: {S}undance 1988},
    SERIES = {Contemp. Math.},
    VOLUME = {116},
     PAGES = {85--113},
 PUBLISHER = {Amer. Math. Soc.},
   ADDRESS = {Providence, RI},
      YEAR = {1991},
   MRCLASS = {14N10 (14C17)},
  MRNUMBER = {1108634 (92f:14057)},
MRREVIEWER = {Ragni Piene},
       DOI = {10.1090/conm/116/1108634},
       URL = {http://dx.doi.org/10.1090/conm/116/1108634},
}

@book {Fulton,
    AUTHOR = {Fulton, William},
     TITLE = {Intersection theory},
    SERIES = {Ergebnisse der Mathematik und ihrer Grenzgebiete (3) [Results
              in Mathematics and Related Areas (3)]},
    VOLUME = {2},
 PUBLISHER = {Springer-Verlag},
   ADDRESS = {Berlin},
      YEAR = {1984},
     PAGES = {xi+470},
      ISBN = {3-540-12176-5},
   MRCLASS = {14C17 (14-02 14C40)},
  MRNUMBER = {732620 (85k:14004)},
MRREVIEWER = {Werner Kleinert},
}

@article {Ardila,
    AUTHOR = {Ardila, Federico},
     TITLE = {Computing the {T}utte polynomial of a hyperplane arrangement},
   JOURNAL = {Pacific J. Math.},
  FJOURNAL = {Pacific Journal of Mathematics},
    VOLUME = {230},
      YEAR = {2007},
    NUMBER = {1},
     PAGES = {1--26},
      ISSN = {0030-8730},
     CODEN = {PJMAAI},
   MRCLASS = {52C35 (05A15 05B35)},
  MRNUMBER = {2318445 (2008g:52034)},
MRREVIEWER = {Winfried Hochst{\"a}ttler},
       DOI = {10.2140/pjm.2007.230.1},
       URL = {http://dx.doi.org/10.2140/pjm.2007.230.1},
}

@article {Tutte,
    AUTHOR = {Tutte, W. T.},
     TITLE = {A contribution to the theory of chromatic polynomials},
   JOURNAL = {Canadian J. Math.},
  FJOURNAL = {Canadian Journal of Mathematics. Journal Canadien de
              Math\'ematiques},
    VOLUME = {6},
      YEAR = {1954},
     PAGES = {80--91},
      ISSN = {0008-414X},
   MRCLASS = {56.0X},
  MRNUMBER = {0061366 (15,814c)},
MRREVIEWER = {G. A. Dirac},
}

@incollection {Sokal,
    AUTHOR = {Sokal, Alan D.},
     TITLE = {The multivariate {T}utte polynomial (alias {P}otts model) for
              graphs and matroids},
 BOOKTITLE = {Surveys in combinatorics 2005},
    SERIES = {London Math. Soc. Lecture Note Ser.},
    VOLUME = {327},
     PAGES = {173--226},
 PUBLISHER = {Cambridge Univ. Press},
   ADDRESS = {Cambridge},
      YEAR = {2005},
   MRCLASS = {05B35 (05C15 82B20 82B23)},
  MRNUMBER = {2187739 (2006k:05052)},
MRREVIEWER = {Marc Noy},
       DOI = {10.1017/CBO9780511734885.009},
       URL = {http://dx.doi.org/10.1017/CBO9780511734885.009},
}

@article {VakilMurphy,
    AUTHOR = {Vakil, Ravi},
     TITLE = {Murphy's law in algebraic geometry: badly-behaved deformation
              spaces},
   JOURNAL = {Invent. Math.},
  FJOURNAL = {Inventiones Mathematicae},
    VOLUME = {164},
      YEAR = {2006},
    NUMBER = {3},
     PAGES = {569--590},
      ISSN = {0020-9910},
     CODEN = {INVMBH},
   MRCLASS = {14B12 (14C05 14J10)},
  MRNUMBER = {2227692 (2007a:14008)},
MRREVIEWER = {Arvid Siqveland},
       DOI = {10.1007/s00222-005-0481-9},
       URL = {http://dx.doi.org/10.1007/s00222-005-0481-9},
}

@incollection {Mnev,
    AUTHOR = {Mn{\"e}v, N. E.},
     TITLE = {The universality theorems on the classification problem of
              configuration varieties and convex polytopes varieties},
 BOOKTITLE = {Topology and geometry---{R}ohlin {S}eminar},
    SERIES = {Lecture Notes in Math.},
    VOLUME = {1346},
     PAGES = {527--543},
 PUBLISHER = {Springer},
   ADDRESS = {Berlin},
      YEAR = {1988},
   MRCLASS = {52A25 (05B30 14G30 52A37)},
  MRNUMBER = {970093 (90a:52013)},
MRREVIEWER = {G. Ewald},
       DOI = {10.1007/BFb0082792},
       URL = {http://dx.doi.org/10.1007/BFb0082792},
}

@incollection {Kleiman15,
    AUTHOR = {Kleiman, Steven L.},
     TITLE = {Problem 15: rigorous foundation of {S}chubert's enumerative
              calculus},
 BOOKTITLE = {Mathematical developments arising from {H}ilbert problems
              ({P}roc. {S}ympos. {P}ure {M}ath., {N}orthern {I}llinois
              {U}niv., {D}e {K}alb, {I}ll., 1974)},
     PAGES = {445--482. Proc. Sympos. Pure Math., Vol. XXVIII},
 PUBLISHER = {Amer. Math. Soc.},
   ADDRESS = {Providence, R. I.},
      YEAR = {1976},
   MRCLASS = {14N10 (14M15)},
  MRNUMBER = {0429938 (55 \#2946)},
MRREVIEWER = {Gerhard Pfister},
}